@InBook{Rybicka,
	author = {Jiří RYBIČKA},
	title = {LaTeX pro začátečníky},
	publisher = {Konvoj},
	year = {2003},
	edition = {3},
	address = {Brno},
	isbn = {80--7302--049--1},
}

@InBook{Helmut,
	author = {Helmut. KOPKA and Patrick W. DALY},
	title = {A Guide to LaTeX},
	publisher = {Addison--Wesley},
	year = {2003},
	edition = {4},
	address = {Bostom},
	isbn = {0--321--17385--6},
}

@MastersThesis{Sirucek,
	author = {Michal SIRŮČEK},
	title = {Pravidla české digitální typografie},
	school = {Vysoká škola ekonomická v Praze. Fakulta inforamtiky a statistiky.},
	year = {2006},
	type = {Bakalářská práce},
}

@Misc{cstug,
	author = {CsTug},
	title = {Československé sdružení uživatelů TeXu},
	howpublished = {[online]},
	revised = {rev. 16. listopad 2018},
	cited = {[vid. 2019-04-15]},
	url = {http://www.cstug.cz/},
}

@InProceedings{Typo,
	publisher = {Digirama s.r.o.},
	year = {1995- . Měsíčník},
	title = {\textit{Typografia}},
	issn = {0322-9068},
	address = {Praha},
}

@Article{Castro,
	author = {Nohe R. CAZAREZ-CASTRO and Luis T. AGUILAR and Oscar CASTILLO},
	title = {Designing Type-1 and Type-2 Fuzzy Logic Controllers via Fuzzy Lyapunov Synthesis for nonsmooth mechanical systems},
	journal = {Engineering Applications of Artificial Intelligence},
	volume = {25},
	number = {5},
	pages = {971\,--\,979},
	year = {2012},
	ISSN = {0952--1976},
}

@Misc{Martinek,
	author = {David MARTINEK},
	title = {LaTeXové speciality},
	howpublished = {[online]},
	year = {rev. 25. únor 2010},
	note = {[vid. 2019-04-15]},
	url = {http://www.fit.vutbr.cz/~martinek/latex/index.html},
}

@Misc{Olsak,
	author = {Petr OLŠÁK},
	title = {Proč nerad používám LaTeX},
	howpublished = {[online]},
	year = {rev. 14. srpen 2017},
	note = {[vid. 2019-04-15]},
	url = {http://petr.olsak.net/ftp/olsak/bulletin/nolatex.pdf},
}

@MastersThesis{Bojko,
	author = {Pavel BOJKO},
	title = {Problematika sazby odborného textu v prostředí LaTeX},
	school = {Jihočeská univerzita v Českých Budějovicích. Přirodověděcká fakulta.},
	year = {2011},
	type = {Bakalářská práce},
}


@Article{Oksuz,
	author = {Ozcan OKSÜZ and Uğur GÜDÜKBAY and A. Enis ÇETIN},
	title = {A video-based text and equation editor for LaTeX},
	journal = {Engineering Applications of Artificial Intelligence},
	volume = {21},
	number = {6},
	pages = {952\,--\,960},
	year = {2008},
	ISSN = {0952--1976},
}
